<?xml version="1.0" encoding="UTF-8"?><collection xmlns="http://www.loc.gov/MARC21/slim"><record><leader>00571nam--2200205-i-4500</leader><controlfield tag="001">000040070</controlfield><controlfield tag="002">20161230</controlfield><controlfield tag="005">20161230201042</controlfield><controlfield tag="008">060222s1000------------r-----000-0-eng-d</controlfield><datafield ind1=" " ind2=" " tag="020"><subfield code="a">0136382967</subfield></datafield><datafield ind1=" " ind2=" " tag="040"><subfield code="a">IFIN-HH</subfield></datafield><datafield ind1=" " ind2=" " tag="080"><subfield code="a">519.71:681.5:681.5.03</subfield></datafield><datafield ind1="1" ind2=" " tag="100"><subfield code="a">Sage</subfield></datafield><datafield ind1="1" ind2="0" tag="245"><subfield code="a">Optimum systems control</subfield><subfield code="c">Andrew p. sage, chelsea c. white, iii</subfield></datafield><datafield ind1=" " ind2=" " tag="250"><subfield code="a">Second Edition</subfield></datafield><datafield ind1=" " ind2=" " tag="260"><subfield code="a">Englewood Clifs, New Jersey</subfield><subfield code="b">Prentice-hall, Inc</subfield><subfield code="c">1977</subfield></datafield><datafield ind1=" " ind2=" " tag="300"><subfield code="a">XI+413 P</subfield></datafield><datafield ind1="1" ind2=" " tag="700"><subfield code="a">White, Chelsea C. Iii</subfield></datafield><datafield ind1=" " ind2=" " tag="852"><subfield code="a">46579</subfield><subfield code="c">519.4/5</subfield></datafield><datafield ind1=" " ind2=" " tag="CAT"><subfield code="a">Sys</subfield><subfield code="c">20130813</subfield><subfield code="h">175747</subfield></datafield></record></collection>